@book{taleb2007cisne,
  title={O Cisne Negro: o impacto do altamente improvável},
  author={Taleb, Nassim Nicholas},
  year={2007},
  publisher={Editora Objetiva}
}

@article{mandelbrot1997multifractal,
  title={A multifractal model of asset returns},
  author={Mandelbrot, Benoit B and Fisher, Austin and Calvet, Laurent},
  journal={Cowles Foundation Discussion Paper},
  number={1164},
  year={1997}
}

@book{mandelbrot1997fractal,
  title={Fractals and Scaling in Finance: Discontinuity, Concentration, Risk},
  author={Mandelbrot, Benoît B},
  year={1997},
  publisher={Springer}
}

@article{calvet2001forecasting,
  title={Forecasting multifractal volatility},
  author={Calvet, Laurent and Fisher, Adlai J},
  journal={Journal of Econometrics},
  volume={105},
  number={1},
  pages={27--58},
  year={2001},
  publisher={Elsevier}
}

@article{figueiredo2004levy,
  title={A new approach based on Levy distributions to study heteroscedastic time series},
  author={Figueiredo, A and Gleria, Iram and Farias, G and Matsushita, Raul},
  journal={Physica A: Statistical Mechanics and its Applications},
  volume={342},
  number={1-2},
  pages={308--314},
  year={2004},
  publisher={Elsevier}
}

@article{figueiredo2007hetero,
  title={Heteroscedasticity and ultraslow convergence to a Gaussian using Levy variables},
  author={Figueiredo, A and Matsushita, Raul and Gleria, Iram},
  journal={Physica A},
  volume={377},
  number={2},
  pages={561--570},
  year={2007},
  publisher={Elsevier}
}

@article{figueiredo2022framework,
  title={A robust framework for volatility analysis based on Levy sections},
  author={Figueiredo, A and Fonseca, C and Castro, N and Matsushita, Raul},
  journal={Physica A},
  volume={595},
  pages={127066},
  year={2022},
  publisher={Elsevier}
}
